@PREAMBLE{"\newcommand{\noopsort}[1]{} "}

@online{AlphaVantage,
  author = {{\noopsort{a}}{Alpha Vantage}},
  howpublished = "\url{https://www.alphavantage.co}",
  year = {},
  note = "[hozzáférés 2021.01.12.]"
}
@online{penziranytu,
  author = {{\noopsort{b}}{Az én pénzem}},
  howpublished = "\url{https://penziranytu.hu/}",
  year = {},
  note = "[hozzáférés 2021.04.05.]"
}
@book{intelligensbefekteto,
      title     = "Az intelligens befektető",
      author    = {{\noopsort{n}}{Benjámin Graham}},
      year      = 2011,
      publisher = "T.bálint Kiadó",
      address   = "Törökbálint"
}
@online{bitcoin,
  author = {{\noopsort{d}}{Bitcoin}},
  howpublished = "\url{https://bitcoin.org}",
  year = {},
  note = "[hozzáférés 2021.04.13.]"
}
@online{Bootstrap,
  author = {{\noopsort{e}}{Bootstrap}},
  howpublished = "\url{https://getbootstrap.com}",
  year = {},
  note = "[hozzáférés 2021.01.15.]"
}
@online{Highcharts,
  author = {{\noopsort{f}}{Highcharts}},
  howpublished = "\url{https://www.highcharts.com}",
  year = {},
  note = "[hozzáférés 2021.02.03.]"
}
@online{Investopedia,
  author = {{\noopsort{g}}{Investopedia}},
  howpublished = "\url{https://www.investopedia.com}",
  year = {},
  note = "[hozzáférés 2021.01.05.]"
}
@online{kozgaz,
  author = {{\noopsort{h}}{Közgazdasági ismeretek}},
  howpublished = "\url{https://dtk.tankonyvtar.hu/xmlui/bitstream/handle/123456789/3401/kozgazdasagi_ismeretek_elmeleti_jegyzet.pdf?sequence=1&isAllowed=y}",
  year = {2013},
  note = "[hozzáférés 2021.04.12.]"
}
@book{natureofcode,
      title     = "Nature of Code",
      author    = {{\noopsort{o}}{Daniel Shiffman}},
      year      = 2012,
      publisher = "",
      address   = ""
}
@book{solyomi2017,
      title     = "Osztalékból szabadon",
      author    = {{\noopsort{p}}{Sólyomi Dávid}},
      year      = 2017,
      publisher = "Bioenergetic",
      address   = "Budapest"
}
@online{Osztalékportfolio,
  author = {{\noopsort{i}}{Osztalékportfólió}},
  howpublished = "\url{https://osztalekportfolio.com}",
  note = "[hozzáférés 2021.04.12.]"
}
@online{Tradingview,
  author = {{\noopsort{j}}{Tradingview}},
  howpublished = "\url{https://www.tradingview.com}",
  note = "[hozzáférés 2021.04.21.]"
}
@online{dripinvesting,
  author = {{\noopsort{k}}{U.S. Dividend Champions}},
  howpublished = "\url{https://www.dripinvesting.org/tools/U.S.DividendChampions.pdf}",
  year = {2021},
  note = "[hozzáférés 2021.04.16.]"
}
@online{webworker,
  author = {{\noopsort{l}}{Web technology for developers}},
  howpublished = "\url{https://developer.mozilla.org/en-US/docs/Web}",
  year = {},
  note = "[hozzáférés 2021.01.12.]"
}
